@book{algopandu,
    author = "Gopal Pandurangan",
    title = "Algorithms: An Intuitive Approach",
    publisher = "Cambridge University Press",
    year = "2025"
}